@inproceedings{DBLP:conf/iih-msp/YangGN06,
  author    = "Bian Yang and
               Fan Gu and
               Xiamu Niu",
  title     = "Block Mean Value Based Image Perceptual Hashing",
  booktitle = "IIH-MSP",
  pages     = "167--172",
  publisher = "IEEE Computer Society",
  year      = "2006"
}

@incollection{Paeth:1990:FAG:90767.90811,
 author = {Paeth, Alan W.},
 chapter = {A Fast Algorithm for General Raster Rotation},
 title = {Graphics Gems},
 editor = {Glassner, Andrew S.},
 year = {1990},
 isbn = {0-12-286169-5},
 pages = {179--195},
 numpages = {17},
 url = {http://dl.acm.org/citation.cfm?id=90767.90811},
 acmid = {90811},
 publisher = {Academic Press Professional, Inc.},
 address = {San Diego, CA, USA},
} 

@INPROCEEDINGS{7838673, 
author={M. Guan and C. Wen and K. Y. Lim and M. Shan and P. Tan and C. L. Ng and Y. Zou}, 
booktitle={2016 14th International Conference on Control, Automation, Robotics and Vision (ICARCV)}, 
title={Visual tracking via random partition image hashing}, 
year={2016}, 
volume={}, 
number={}, 
pages={1-6}, 
keywords={binary codes;feature extraction;image coding;image matching;maximum likelihood estimation;object tracking;random processes;compact binary codes;confidence map;discriminative appearance model;feature extraction;hash functions;maximum a posteriori estimation;random partition image hashing;target matching;visual tracking;Adaptive optics;Feature extraction;Optical imaging;Partitioning algorithms;Target tracking;Visualization}, 
doi={10.1109/ICARCV.2016.7838673}, 
ISSN={}, 
month={Nov},}

@ARTICLE{1634363, 
author={A. Swaminathan and Yinian Mao and Min Wu}, 
journal={IEEE Transactions on Information Forensics and Security}, 
title={Robust and secure image hashing}, 
year={2006}, 
volume={1}, 
number={2}, 
pages={215-230}, 
keywords={Fourier transforms;cryptography;filtering theory;image processing;Fourier transform;content-preserving modifications;differential entropy;filtering distortions;image hash functions;image processing;secure image hashing;Authentication;Fourier transforms;Image databases;Image generation;Image processing;Robustness;Security;Spatial databases;Testing;Watermarking;Differential entropy;image authentication;image hashing;multimedia security}, 
doi={10.1109/TIFS.2006.873601}, 
ISSN={1556-6013}, 
month={June},}